2175 3475
1802 186 2056 273 ⁷41

125 295 434 393 jacturam
490 309 548 367 in
610 306 849 367 floribus
911 308 1137 391 plenis,
1231 309 1460 368 omnino
1523 310 1582 370 iu
1627 306 1843 388 plantis

133 432 212 473 ex
257 412 393 472 loco
439 430 549 472 suo
613 416 673 470 et
730 410 861 470 solo
921 411 1162 472 naturali
1229 415 1282 469 in
1339 411 1593 472 alienum
1651 418 1844 471 trans·

46 560 55 564 -
132 517 382 596 positis.
472 512 540 575 lu
585 510 789 573 iisdem
838 532 1083 592 prorsus
1129 514 1441 590 generibus
1497 522 1558 573 et
1615 515 1870 593 specie-.

9 647 41 684 >-
136 616 257 677 bus
295 617 619 698 plantarum
664 635 957 697 numerum
999 621 1245 694 partium
1280 617 1557 678 ssot-alium
1610 622 1666 676 in
1715 616 1845 676 aliis

139 722 390 780 fortuito
436 723 491 777 in
532 719 662 779 aliis
712 728 1051 779 constanter
1074 723 1298 779 variare
1349 727 1454 778 aut
1500 739 1672 778 unam
1711 739 1844 798 par-

139 830 265 884 tem
317 827 374 882 in
425 821 663 882 alleram
719 822 875 882 abire
919 825 1199 883 neminem
1253 824 1370 900 jam
1409 821 1574 882 latet.
1662 817 1843 880 Tales

141 923 653 1006 perturbationes,
710 905 1174 997 immutationes
1217 930 1555 985 eversiones
1617 928 1844 984 minime

40 1085 45 1088 ,
140 1037 339 1087 tamen
388 1024 738 1104 impediunt,
790 1029 925 1105 quin
974 1027 1162 1103 legem
1213 1034 1463 1108 partium
1510 1031 1845 1107 proportio-

142 1130 365 1191 nalium
416 1134 760 1210 conspicere
818 1137 878 1188 et
920 1130 1280 1189 constituere
1328 1134 1646 1209 possimus.
1723 1126 1843 1189 Ex·-

144 1240 310 1293 stant
353 1240 545 1292 autem
583 1232 742 1294 floris
787 1241 846 1292 et
872 1230 1329 1296 fructificationis
1365 1239 1569 1314 partes
1615 1237 1670 1292 in
1713 1233 1843 1293 aliis

124 1336 366 1417 ‘plantis
425 1354 661 1397 numero
726 1335 968 1416 triplici,
1034 1337 1093 1394 iu
1148 1336 1275 1395 aliis
1320 1334 1714 1418 quadruplici,
1787 1342 1842 1396 in

150 1440 283 1499 aliis
342 1439 713 1520 quintuplici3
780 1459 958 1518 quare
1013 1439 1192 1500 hasce
1270 1447 1392 1499 tres
1465 1445 1844 1522 proponimus

148 1543 478 1624 plantarum
539 1542 797 1602 classes:

241 1711 332 1774 Cl.
374 1709 421 1772 1.
508 1712 832 1774 Plantae
895 1711 1254 1791 triplices
1326 1718 1490 1776 sive
1539 1712 1845 1778 Trime-

198 1822 221 1834 “
298 1874 301 1879 ,
365 1816 541 1888 tria,
654 1814 1124 1891 Dreifaltige
1201 1815 1579 1879 Pflanzon
1664 1817 1847 1876 oder

350 1915 737 1989 Dreiheit:
804 1916 1017 1978 Partes
1081 1923 1391 1999 perigonzii,
1445 1920 1693 2001 calyciS,
1742 1939 1845 1981 co-

362 2021 543 2080 tollae
588 2020 1016 2100 paracorollae‚
1067 2029 1375 2084 staminum
1428 2030 1487 2085 et
1529 2028 1848 2104 germinum

373 2132 572 2184 lernae
620 2130 720 2182 aut
768 2123 1089 2205 multiplum
1133 2126 1305 2203 hujus
1350 2130 1602 2204 numeri,
1649 2147 1849 2203 senae,

318 2247 550 2288 ·uonae
592 2228 700 2287 vel
723 2228 940 2308 plures

239 2397 334 2461 cl.
379 2393 455 2458 11.
540 2397 861 2461 Plantae
944 2396 1502 2481 quadruplices
1571 2424 1626 2467 s.
1709 2394 1847 2464 Te·

367 2505 803 2574 trametria‚
910 2499 1389 2582 Vierfallige
1469 2502 1847 2567 Pslanzen

371 2603 547 2668 oder
589 2600 985 2667 Vierheis:
1033 2605 1248 2666 Partes
1282 2611 1561 2687 perigonii
1606 2616 1668 2668 et
1694 2606 1847 2670 fruc-

367 2715 466 2767 tus
517 2715 865 2789 quaternae»,
926 2717 1181 2774 octonae
1222 2714 1313 2774 vel
1364 2714 1582 2793 plures.

253 2879 338 2940 Cl.
385 2875 492 2938 Ill.
579 2877 909 2942 Plantae
966 2885 1496 2964 quintuplices
1558 2907 1607 2947 s.
1660 2885 1902 2947 Pon--

367 2987 775 3080 lamonia,
909 2984 1395 3064 Flinffaltige
1487 2988 1852 3066 Pslanzeu
