2175 3475
29 711 41 824 ἡ

621 230 783 292 (ΖΙ.
885 231 1416 300 Trimetria.
1790 238 1864 298 15

169 349 589 429 subaequales,
666 354 933 414 flosculis
984 374 1185 433 parum
1259 355 1552 432 longiores
1612 361 1866 417 muticae

166 437 400 497 biset-ior
439 441 835 512 multinervia,
879 444 1144 519 superior
1196 447 1666 521 quinquenervia.
1721 442 1868 503 Val-

167 524 335 598 vulae
368 525 422 585 “2
475 526 982 600 membranaceae,
1043 528 1277 586 inferior
1327 533 1636 601 trinervia,
1687 549 1862 609 supe-

164 612 282 670 rior
344 611 681 672 bicarinata.
773 615 1028 673 Stamina
1098 614 1136 673 3
1189 618 1337 674 inter
1399 615 1686 675 lodic-uias
1733 636 1863 675 ear-

164 717 343 757 nosas
408 707 467 761 et
544 708 865 760 truncatas,
921 737 986 748 —
1087 698 1296 759 Flores
1355 700 1487 761 fem.
1549 705 1603 760 in
1660 704 1863 779 spicas

130 785 462 858 'exiliat-es,
539 788 767 859 vaginis
837 787 1133 846 involutas
1209 785 1503 865 dispositi.
1588 786 1868 870 Spioniae

161 874 254 931 axi
305 875 507 951 spicae
558 871 807 932 carnoso
854 876 1110 933 seriatim
1143 878 1428 946 insertae,
1480 865 1864 946 subtriflorae,

160 956 306 1017 flore
352 966 603 1035 utroque
667 958 896 1031 sessili,
965 958 1237 1018 inferiore
1299 966 1524 1019 neutro.
1634 956 1870 1018 Valvae

161 1041 317 1104 duae
368 1044 845 1102 membranaceae
887 1062 1162 1117 enerves,
1209 1043 1519 1117 dilatatae,
1563 1044 1703 1104 flore
1733 1044 1865 1103 bre·

157 1135 379 1192 viores,
472 1127 759 1189 Valvulae
818 1128 859 1189 2
902 1128 1376 1188 membranaceae
1417 1134 1716 1203 enerviae‚
1763 1148 1864 1190 su-

155 1222 360 1297 perior
405 1214 593 1294 major
627 1218 885 1275 ovarium
921 1216 1305 1295 amplectens.
1397 1214 1681 1277 Ovarium
1721 1235 1863 1276 ova-

153 1312 284 1363 tum
324 1374 341 1382 ,
370 1302 651 1378 glabrum.
782 1301 1017 1380 Stylus‘
1073 1302 1366 1381 capillatis
1450 1302 1860 1378 longissimus;

155 1394 375 1466 stigma
412 1405 811 1466 compressum
846 1390 1189 1448 tenuissime
1236 1387 1863 1468 ciliatum.Ca1-iopsi-

155 1476 270 1537 des
315 1473 724 1534 subrutundo-
741 1473 1113 1546 reniformeS,
1185 1476 1240 1533 in
1305 1479 1492 1533 series
1548 1489 1651 1555 per
1701 1479 1864 1554 paria

116 1563 594 1644 ‘approximatas
658 1557 1012 1640 dispositae,
1103 1563 1193 1619 axi
1261 1580 1510 1621 carnoso
1582 1565 1860 1623 insertae.

150 1647 258 1713 Fr.
306 1647 382 1708 N.
425 1648 517 1711 ab.
575 1666 706 1723 gen.
752 1644 931 1711 XIV.
973 1644 1078 1708 20.

267 1744 337 1801 Z.
373 1745 575 1817 May-s
615 1743 684 1798 L.
752 1742 838 1799 Ex
874 1744 1127 1799 Amen-ica
1163 1744 1385 1799 austu-aii
1420 1744 1614 1810 allata3
1668 1744 1866 1799 colitur

151 1819 209 1874 in
245 1831 403 1870 usum
444 1815 866 1871 oeconomicum.
938 1813 1042 1866 An.
1085 1811 1194 1866 Jul.
1229 1813 1372 1882 Aug.

241 1917 529 1983 Trih.1!.
601 1918 994 1979 Paniceae
1043 1917 1263 1978 Kuntb.
1314 1914 1862 1995 Spiculaeadorso

372 2025 749 2086 compressae
794 2012 853 2064 et
883 2007 1062 2065 dorso
1119 2025 1452 2078 convexae,
1499 2008 1689 2064 antice
1735 2005 1863 2082 pla-

371 2112 484 2157 nae
525 2093 622 2152 vel
655 2091 1081 2168 planimetria,
1125 2090 1399 2150 uniflorae
1445 2092 1535 2151 vel
1587 2089 1863 2153 uniflorae

374 2198 505 2238 cum
556 2176 884 2237 rudimento
923 2177 1080 2237 floris
1119 2176 1439 2247 inferioris,
1484 2177 1709 2238 valvam
1743 2182 1860 2235 ter·
1927 2194 1940 2203 “

368 2267 505 2324 tiam
552 2263 858 2329 referente.
949 2262 1165 2324 Giuma
1218 2262 1495 2337 bivalvis,
1554 2267 1727 2324 valva
1776 2265 1863 2322 in·

367 2350 551 2412 ferior
593 2356 808 2426 minor,
882 2369 1062 2429 saepe
1124 2352 1384 2421 minima,
1453 2350 1622 2411 lateri
1686 2351 1862 2430 piano

368 2437 464 2496 vel
525 2437 898 2515 planiusculo
954 2436 1243 2517 'spinulae
1309 2432 1615 2514 adpressa.
1706 2433 1860 2514 styli

371 2521 659 2599 elongati,
705 2527 979 2598 stigmata
1004 2521 1511 2601 aspergilliformia
1557 2520 1669 2582 sub
1696 2523 1881 2603 apice-

369 2606 529 2669 floris
578 2613 954 2687 emergentia.
1043 2608 1118 2673 K.
1172 2607 1318 2670 771.
1359 2657 1372 2661 -

319 2737 394 2830 1)
496 2736 835 2811 Panicum
900 2737 984 2810 P.
1037 2735 1303 2807 Beauv.
1382 2700 1749 2811 Fennich(

287 2851 575 2917 Panionia
632 2857 816 2916 effusa
875 2857 1054 2915 ramis
1123 2856 1348 2933 asperis
1399 2851 1662 2933 spiculas
1716 2852 1876 2930 epici·
1933 2858 1938 2865 “

151 2944 416 3002 insertas
480 2940 841 3016 gerentibus.
928 2938 1214 3020 Spiculae
1272 2937 1545 3011 biflorae‚
1623 2935 1869 2996 flosculo

148 3024 430 3090 inferiore
456 3028 677 3107 sterili,
719 3027 930 3093 valvae
972 3030 1187 3095 ovatae
1230 3024 1706 3086 membranaceae
1737 3039 1867 3081 mu-
