2175 3475
476 361 489 367 -
546 317 726 381 oder
768 315 1005 384 Fiinfh
1027 325 1159 384 eit:
1207 321 1426 385 Partes
1461 324 1748 405 perigenii
1774 273 1835 389 et
1871 281 2029 391 fruc·

544 427 646 484 tus
692 425 933 502 quinae,
983 421 1167 486 denae
1208 426 1306 486 vel
1352 426 1576 507 plures,

473 575 709 654 Organa
753 577 979 656 singula
1021 584 1126 639 aut
1181 578 1351 655 bina,
1422 599 1600 659 quum·
1654 581 1852 644 orbem
1910 605 2037 647 non*

334 682 725 754 constituant,
796 682 908 741 nisi
968 681 1101 759 lege
1161 673 1534 763 symmetriae
1604 686 1863 748 cohibita
1924 696 2025 749 aut

327 780 608 863 impedita
656 786 974 886 provenire
1016 805 1130 843 non
1178 793 1452 865 possunt.
1527 784 1781 849 Plantae
1826 794 2027 872 itaque

329 885 484 947 hunc
529 906 824 946 numerum
880 883 940 945 in¹
989 884 1151 946 floris
1208 887 1473 965 partibus
1524 889 1862 954 exhibentes
1909 900 2025 956 in·
2087 963 2100 967 ἢ

329 988 750 1080 completae
791 994 931 1048 sunt
978 986 1374 1067 designandae
1404 998 1467 1049 et
1507 990 1777 1053 affinibus
1820 1014 2023 1057 com·

248 1129 253 1132 -
326 1073 571 1173 pletis
617 1110 730 1169 ag„
697 1091 1044 1168 rogandae.
1110 1090 1418 1175 Reliquum
1452 1102 1573 1171 est,
1624 1101 1691 1156 ut
1744 1099 2031 1160 rationem

324 1193 641 1258 reddamus
688 1214 1006 1276 paucarum
1048 1194 1315 1269 aliarum,
1384 1195 1598 1273 quibus
1658 1199 1753 1256 usi
1815 1218 2026 1263 sumus

325 1297 697 1375 notionibus,
743 1304 803 1357 et
847 1316 962 1377 quo
988 1296 1163 1360 modo
1190 1296 1512 1375 plantarum
1554 1298 1822 1377 familiaS‚
1867 1323 2024 1383 quae

319 1404 555 1462 minime
600 1421 672 1466 ex
715 1406 894 1462 certis
939 1408 999 1462 et
1036 1399 1329 1461 distinctis
1364 1404 1659 1484 principiis
1687 1423 1876 1487 nsque
1917 1405 2024 1468 ad-

318 1504 438 1564 hue
470 1502 828 1579 condantur,
852 1502 1206 1566 definiendas
1234 1523 1373 1564 esse
1393 1511 1684 1584 putemus.
1729 1501 1888 1568 Idem
1913 1530 2022 1572 nu-

328 1623 527 1669 merus
568 1608 625 1669 in
669 1605 935 1689 partibus
979 1605 1142 1670 floris
1188 1614 1247 1666 et
1289 1606 1518 1672 fructus
1565 1609 1890 1671 manifeste'
1920 1634 2022 1675 ex-

323 1714 559 1792 positus
604 1711 698 1772 vel
750 1709 1055 1775 ¹indicatus
1129 1712 1307 1772 efficit
1381 1711 1667 1790 classem
1740 1733 2019 1780 numerus

320 1813 476 1878 idem
540 1827 605 1876 et
656 1814 861 1876 eadem
926 1813 1239 1896 dispositio
1293 1813 1682 1876 determinant
1750 1814 2020 1896 familias,
2127 1810 2132 1814 ’

319 1916 472 1981 idem
518 1926 712 1981 antem
773 1936 1081 1997 numer-ua,
1139 1915 1483 2000 dispositio,
1525 1917 1709 1981 forma
1762 1920 2019 2000 partium

312 2009 594 2091 floralium
636 2027 735 2082 ·et
799 2020 1134 2096 genitalium
1204 2028 1559 2098 congregant
1619 2026 1869 2103 species
1957 2027 2018 2087 in

316 2144 547 2208 genera.
663 2123 915 2205 Species
976 2123 1192 2200 forma,
1267 2122 1615 2201 directione,
1704 2127 1853 2200 situ,
1928 2129 2017 2188 in·

315 2229 603 2301 ser-tione,
678 2230 1008 2308 praesentia
1077 2235 1179 2286 aut
1230 2227 1499 2288 absentia
1549 2230 1802 2307 partium
1856 2228 2016 2290 radi-

315 2334 437 2404 ciS‚
503 2332 692 2390 caulis
706 2376 727 2408 ,
811 2328 1080 2389 foliorum
1149 2329 1571 2391 discernuntur.
1691 2328 2012 2410 Habitatio,

310 2431 682 2509 magnitudo,
750 2433 1118 2508 indumenta,
1182 2431 1488 2512 splendor,
1560 2435 1754 2512 color,
1812 2454 2010 2516 sapor,

152 2524 161 2533 ⁴
206 2556 211 2565 ·
313 2535 491 2616 odor,
555 2541 802 2598 virtutes
862 2539 921 2596 in
984 2535 1195 2597 iisdem
1243 2534 1559 2617 speciebus
1605 2539 1757 2598 intra
1807 2544 2011 2600 certos

311 2642 527 2702 limites
576 2645 799 2700 variare
858 2647 1132 2730 possunt.
1233 2637 1333 2701 Ad
1385 2649 1521 2720 apte
1575 2638 2010 2704 distribuendas

308 2745 562 2808 familias
623 2744 803 2804 hasce
845 2749 1121 2823 usurpavi
1176 2741 1715 2804 determinationes:

393 2895 560 2959 Ordo
606 2894 651 2956 Ι.
743 2895 1072 2956 Plantae
1144 2895 1467 2956 orbatae
1533 2898 1698 2956 sive
1776 2894 2019 2959 demi--

513 3006 774 3078 nutae,
855 3001 1036 3062 Arme
1117 2998 1264 3062 oder
1341 3002 1739 3082 Verringerte.
1801 3085 1808 3089 ἡ
1866 3000 2002 3063 Una
